<?xml version="1.0" encoding="UTF-8"?><collection xmlns="http://www.loc.gov/MARC21/slim"><record><leader>00619nam--2200205-i-4500</leader><controlfield tag="001">000025209</controlfield><controlfield tag="002">20161230</controlfield><controlfield tag="005">20161230201035</controlfield><controlfield tag="008">060222s1000------------r-----000-0-eng-d</controlfield><datafield ind1=" " ind2=" " tag="020"><subfield code="a">0444100091</subfield></datafield><datafield ind1=" " ind2=" " tag="040"><subfield code="a">IFIN-HH</subfield></datafield><datafield ind1=" " ind2=" " tag="080"><subfield code="a">539.14</subfield></datafield><datafield ind1="1" ind2=" " tag="100"><subfield code="a">Eisenberg, Judah M</subfield></datafield><datafield ind1="1" ind2="0" tag="245"><subfield code="a">Nuclear theory</subfield><subfield code="b">Volume 1. nuclear models ; collective and single-particle phenomena</subfield><subfield code="c">Judah m. eisenberg, walter greiner</subfield></datafield><datafield ind1=" " ind2=" " tag="260"><subfield code="a">Amsterdam</subfield><subfield code="b">North-holland Publishing Company</subfield><subfield code="c">1970</subfield></datafield><datafield ind1=" " ind2=" " tag="300"><subfield code="a">XIV + 476 P</subfield></datafield><datafield ind1=" " ind2=" " tag="490"><subfield code="a">Nuclear Theory</subfield></datafield><datafield ind1="1" ind2=" " tag="700"><subfield code="a">Greiner, Walter</subfield></datafield><datafield ind1=" " ind2=" " tag="852"><subfield code="a">33578</subfield><subfield code="c">539.14</subfield></datafield><datafield ind1=" " ind2=" " tag="CAT"><subfield code="a">Sys</subfield><subfield code="c">20120327</subfield><subfield code="h">151629</subfield></datafield></record></collection>